<?xml version="1.0" encoding="UTF-8"?><collection xmlns="http://www.loc.gov/MARC21/slim"><record><leader>00498nam--2200169-i-4500</leader><controlfield tag="001">000000166</controlfield><controlfield tag="002">20161230</controlfield><controlfield tag="005">20161230201023</controlfield><controlfield tag="008">060222s1000------------r-----000-0-eng-d</controlfield><datafield ind1=" " ind2=" " tag="080"><subfield code="a">519.2</subfield></datafield><datafield ind1="1" ind2=" " tag="100"><subfield code="a">Friedman, Nathaniel A</subfield></datafield><datafield ind1="1" ind2="0" tag="245"><subfield code="a">Introduction to ergodic theory</subfield><subfield code="c">Nathaniel A. Friedman</subfield></datafield><datafield ind1=" " ind2=" " tag="260"><subfield code="a">New York, Van Nostrand Reinhold, Company</subfield></datafield><datafield ind1=" " ind2=" " tag="300"><subfield code="a">IV + 143 P</subfield></datafield><datafield ind1=" " ind2=" " tag="490"><subfield code="a">Van Nostrand Reinhold Mathematical Studies</subfield><subfield code="v">vol. 29</subfield></datafield><datafield ind1=" " ind2=" " tag="852"><subfield code="a">36623</subfield><subfield code="c">519.2</subfield></datafield><datafield ind1=" " ind2=" " tag="CAT"><subfield code="a">Sys</subfield><subfield code="c">20100527</subfield><subfield code="h">095329</subfield></datafield></record></collection>